@manual{NBR15575,
organization = {ASSOCIAÇÃO BRASILEIRA DE NORMAS TÉCNICAS (ABNT)},
title = {NBR 15.575-1: Edificações Habitacionais – Desempenho},
address = {Rio de Janeiro:ABNT},
year = {2013}
}

@manual{NBR15220,
organization = {ASSOCIAÇÃO BRASILEIRA DE NORMAS TÉCNICAS (ABNT)},
title = {NBR 15.220-1: Desempenho térmico de edificações},
address = {Rio de Janeiro:ABNT},
year = {2003}
}

@article{AhmedIntegrationStreamMapping,
author = {Ahmed, A. and Hasnan, K. and Aisham, B. and Bakhsh, Q.},
journal = {Applied Mechanics and Materials},
pages = {769-773},
title = {Integration of Value Stream Mapping with RFID, WSN and ZigBee Network},
volume = {465},
year = {2014},
publisher={Trans Tech Publications}
}

@article{chenUsingRFID,
author = {Chen, R. S. and Chen, C. C. and Yeh, K. C. and Chen, Y. C. and Kuo, C. W.},
journal = {WSEAS Transactions on information science and applications},
pages = {1551-1560},
title = {Using RFID technology in food produce traceability},
year = {2008}
}

@article{gutierrez2005complexo,
  title={Complexo eletr{\^o}nico: identifica{\c{c}}{\~a}o digital por radiofrequ{\^e}ncia},
  author={Gutierrez, Regina Maria Vinhais and Monteiro Filha, Dulce Corr{\^e}a and Neves, Maria Elizabeth Teixeira de Mello and others},
  year={2005},
  publisher={Banco Nacional de Desenvolvimento Econ{\^o}mico e Social}
}

@inproceedings{rao1999overview,
  title={An overview of backscattered radio frequency identification system (RFID)},
  author={Rao, Kanury Venkata Subba},
  booktitle={1999 Asia Pacific Microwave Conference. APMC'99. Microwaves Enter the 21st Century. Conference Proceedings (Cat. No. 99TH8473)},
  volume={3},
  pages={746--749},
  year={1999},
  organization={IEEE}
}

@misc{EPC-RFID-link,
  organization = {EPC-RFID Info},
  title = {What is RFID?},
  howpublished = "\url{https://www.epc-rfid.info/rfid}",
  year = {2019}, 
  note = "[Online; Acessado em: 04 de novembro de 2019]"
}

@article{chawla2007overview,
  title={An overview of passive RFID},
  author={Chawla, Vipul and Ha, Dong Sam},
  journal={IEEE Communications Magazine},
  volume={45},
  number={9},
  pages={11--17},
  year={2007},
  publisher={IEEE}
}

@inproceedings{vogt2002multiple,
  title={Multiple object identification with passive RFID tags},
  author={Vogt, Harald},
  booktitle={IEEE International Conference on Systems, Man and Cybernetics},
  volume={3},
  pages={6--pp},
  year={2002},
  organization={IEEE}
}

@monography{TG2013OliveiraERocha,
address={Distrito Federal},
author={Oliveira, Filipe Ribeiro de and Rocha, Frederico Silva de Paula},
pages={112},
school={Universidade de Brasília. Faculdade de Tecnologia},
title={RFID PASSIVA NO RASTREAMENTO DE USUÁRIOS PARA A AUTOMAÇÃO PREDIAL},
type={Graduação},
year={2013}}

@monography{TG2015RaissaERenata,
address={Distrito Federal},
author={Alves, Raissa Almeida and Chupel,Renata Cristina Moura},
pages={75},
school={Universidade de Brasília. Faculdade de Tecnologia},
title={Utilização de RFID passiva com fusão sensorial para detecção de usuários em ambientes prediais},
type={Graduação},
year={2015}}


@manual{SpeedwayRUserManual,
title = {SpeedwayR Installation and Operations Guide},
date = {Atualizado em 16 de Outubro de 2019},
language = {Inglês},
version = {Versão 6.2.0},
organization = {Impinj},
pagetotal = {98}
}

@manual{SpeedwayRDatasheet,
title = {Impinj Speedway Readers - Overview, Software Tools, Accessories and specifications},
date = {Atualizado em 16 de Outubro de 2019},
language = {Inglês},
version = {Versão 2.5},
organization = {Impinj},
pagetotal = {9}
}

@misc{IEEE-SA-POE,
  organization = {IEEE SA},
  title = {IEEE 802.3bt-2018 - IEEE Standard for Ethernet Amendment 2: Physical Layer and Management Parameters for Power over Ethernet over 4 pairs},
  howpublished = "\url{https://standards.ieee.org/standard/802_3bt-2018.html}",
  year = {2018}, 
  note = "[Online; Acessado em: 09 de novembro de 2019]"
}

@misc{GS1-LLRP,
  organization = {GS1},
  title = {LLRP},
  howpublished = "\url{https://www.gs1br.org/codigos-e-padroes/epc-rfid/llrp}",
  note = "[Online; Acessado em: 09 de novembro de 2019]"
}

@manual{AntenaThresholdDatasheet,
title = {THRESHOLD ANTENNA - READER ANTENNA DATASHEET},
date = {Atualizado em 27 de janeiro de 2019},
language = {Inglês},
version = {Versão 3.0},
organization = {Impinj},
pagetotal = {9}
}

@misc{OctaneSDK,
  organization = {Impinj},
  title = {Octane SDK Installation Instructions},
  howpublished = "\url{https://support.impinj.com/hc/en-us/articles/360010077479-Octane-SDK-Installation-Instructions}",
  note = "[Online; Acessado em: 10 de novembro de 2019]"
}

@article{afram2014review,
  title={Review of modeling methods for HVAC systems},
  author={Afram, Abdul and Janabi-Sharifi, Farrokh},
  journal={Applied Thermal Engineering},
  volume={67},
  number={1-2},
  pages={507--519},
  year={2014},
  publisher={Elsevier}
}

@article{nielsen2005simple,
  title={Simple tool to evaluate energy demand and indoor environment in the early stages of building design},
  author={Nielsen, Toke Rammer},
  journal={Solar Energy},
  volume={78},
  number={1},
  pages={73--83},
  year={2005},
  publisher={Elsevier}
}

@misc{mrBTU,
  organization = {Johnson Controls},
  title = {Life of a BTU},
  howpublished = "\url{https://www.youtube.com/watch?v=FyzRUNGyUDQ}",
  note = "[Online; Acessado em: 11 de novembro de 2019]"
}

@article{perez2011map,
  title={The map of energy flow in HVAC systems},
  author={Perez-Lombard, Luis and Ortiz, Jose and Maestre, Ismael R},
  journal={Applied energy},
  volume={88},
  number={12},
  pages={5020--5031},
  year={2011},
  publisher={Elsevier}
}

@misc{RAIN,
  organization = {RAIN RFID},
  title = {What is RAIN?},
  howpublished = "\url{https://rainrfid.org/about-rain/what-is-rain/}",
  note = "[Online; Acessado em: 11 de novembro de 2019]"
}


@book{book:RFID_Essentials,
   title =     {RFID Essentials},
   author =    {Bill Glover, Himanshu Bhatt},
   publisher = {O'Reilly Media},
   isbn =      {9780596009441,0596009445},
   year =      {2006},
   series =    {Theory in Practice O'Reilly},
   edition =   {1}
}

@book{book:klaus,
   title =     {RFID Handbook: Fundamentals and Applications in Contactless Smart Cards, Radio Frequency Identification and Near-Field Communication, Third Edition},
   author =    {Dr Klaus Finkenzeller},
   publisher = {Wiley},
   isbn =      {978-0-470-69506-7,0470695064},
   year =      {2010},
   edition =   {3}
}

@book{book:syedMohammad,
   title =     {RFID Handbook: Applications, Technology, Security, and Privacy},
   author =    {Syed A. Ahson, Mohammad Ilyas},
   publisher = {CRC Press - Taylor & Francis Group},
   isbn =      {1420054996,9781420054996,9781420055009},
   year =      {2008},
   edition =   {1}
}

@article{landt2005history,
  title={The history of RFID},
  author={Landt, Jeremy},
  journal={IEEE potentials},
  volume={24},
  number={4},
  pages={8--11},
  year={2005},
  publisher={IEEE}
}

@inproceedings{fletcher2005study,
  title={Study of UHF RFID signal propagation through complex media},
  author={Fletcher, Rich and Marti, Uttara P and Redemske, Rich},
  booktitle={2005 IEEE Antennas and Propagation Society International Symposium},
  volume={1},
  pages={747--750},
  year={2005},
  organization={IEEE}
}

@book{book:SangheraRFID+,
   title =     {RFID+ Study Guide and Practice Exams},
   author =    {Paul Sanghera},
   publisher = {Syngress},
   isbn =      {978-1-59749-134-1},
   year =      {2007},
   edition =   {1}
}

@book{thornton2011cheat,
  title={How to cheat at deploying and securing RFID},
  author={Thornton, Frank and Sanghera, Paul},
  year={2011},
  publisher={Syngress}
}

@article{gubbi2013internet,
  title={Internet of Things (IoT): A vision, architectural elements, and future directions},
  author={Gubbi, Jayavardhana and Buyya, Rajkumar and Marusic, Slaven and Palaniswami, Marimuthu},
  journal={Future generation computer systems},
  volume={29},
  number={7},
  pages={1645--1660},
  year={2013},
  publisher={Elsevier}
}


@misc{wavetrend,
  organization = {Wavetrend},
  title = {Active RFID},
  howpublished = "\url{https://wavetrend.net/project_category/active-rfid/}",
  note = "[Online; Acessado em: 08 de dezembro de 2019]"
}

@misc{IDTechEx,
  organization = {IDTechEx},
  title = {Passive RFID grows by 1.12 billion tags in 2014 to 6.9 billion | IDTechEx Research Article},
  howpublished = "\url{https://www.idtechex.com/fr/research-article/passive-rfid-grows-by-1-12-billion-tags-in-2014-to-6-9-billion/7031}",
  note = "[Online; Acessado em: 08 de dezembro de 2019]"
}

@misc{RFIDInsider,
  organization = {RFID Insider},
  title = {Active RFID vs. Passive RFID: What’s the Difference?},
  howpublished = "\url{https://blog.atlasrfidstore.com/active-rfid-vs-passive-rfid}",
  note = "[Online; Acessado em: 08 de dezembro de 2019]"
}


@manual{AlienHiggs3,
title = {Higgs\texttrademark 3 - EPC Class 1 Gen 2 RFID Tag IC},
date = {Atualizado em 20 de fevereiro de 2014},
language = {Inglês},
organization = {Alien Technology},
pagetotal = {3}
}

@inproceedings{nikitin2010phase,
  title={Phase based spatial identification of UHF RFID tags},
  author={Nikitin, Pavel V and Martinez, Rene and Ramamurthy, Shashi and Leland, Hunter and Spiess, Gary and Rao, KVS},
  booktitle={2010 IEEE International Conference on RFID (IEEE RFID 2010)},
  pages={102--109},
  year={2010},
  organization={IEEE}
}

@inproceedings{tesch2015rfid,
  title={RFID indoor localization based on Doppler effect},
  author={Tesch, Deivid A and Berz, Everton L and Hessel, Fabiano P},
  booktitle={Sixteenth International Symposium on Quality Electronic Design},
  pages={556--560},
  year={2015},
  organization={IEEE}
}


@misc{Cardoso1997,
  title={Redes de Petri},
  author={Cardoso, Janette and Valette, Robert},
  institution={Instituto de Computação},
  organization={Universidade Federal Fluminense - UFF},
  howpublished = "\url{http://www2.ic.uff.br/~bruno/uploads/Lectures/Cardoso1997.pdf}",
  note = "[Online; Acessado em: 08 de dezembro de 2019]"
}

@misc{Frances,
  title={Introdução às Redes de Petri},
  author={Carlos Renato Lisboa Francês},
  institution={Laboratório de Computação Aplicada – LACA},
  organization={Universidade Federal do Pará - UFPA},
  howpublished = "\url{https://www.dca.ufrn.br/~affonso/FTP/DCA409/redes_de_petri.pdf}",
  note = "[Online; Acessado em: 08 de dezembro de 2019]"
}

@article{buffi2018rssi,
  title={RSSI measurements for RFID tag classification in smart storage systems},
  author={Buffi, Alice and Michel, Andrea and Nepa, Paolo and Tellini, Bernardo},
  journal={IEEE Transactions on Instrumentation and Measurement},
  volume={67},
  number={4},
  pages={894--904},
  year={2018},
  publisher={IEEE}
}

@inproceedings{srinivasan2006rssi,
  title={RSSI is under appreciated},
  author={Srinivasan, Kannan and Levis, Philip},
  booktitle={Proceedings of the third workshop on embedded networked sensors (EmNets)},
  volume={2006},
  year={2006},
  organization={Cambridge, MA, USA.}
}

@misc{Middleware,
  organization = {Microsoft Azure},
  title = {O que é middleware?},
  howpublished = "\url{https://azure.microsoft.com/pt-br/overview/what-is-middleware/}",
  note = "[Online; Acessado em: 08 de dezembro de 2019]"
}

@misc{antena,
  organization = {Teleco},
  title = {Redes Wi-Fi I: Antenas},
  howpublished = "\url{https://www.teleco.com.br/tutoriais/tutorialredeswifi1/pagina_3.asp}",
  note = "[Online; Acessado em: 08 de dezembro de 2019]"
}

@inproceedings{jin2006indoor,
  title={An indoor localization mechanism using active RFID tag},
  author={Jin, Guang-yao and Lu, Xiao-yi and Park, Myong-Soon},
  booktitle={IEEE International Conference on Sensor Networks, Ubiquitous, and Trustworthy Computing (SUTC'06)},
  volume={1},
  pages={4--pp},
  year={2006},
  organization={IEEE}
}


@inproceedings{bouet2008rfid,
  title={RFID tags: Positioning principles and localization techniques},
  author={Bouet, Mathieu and Dos Santos, Aldri L},
  booktitle={2008 1st IFIP Wireless Days},
  pages={1--5},
  year={2008},
  organization={Ieee}
}

@inproceedings{sanpechuda2008review,
  title={A review of RFID localization: Applications and techniques},
  author={Sanpechuda, T and Kovavisaruch, L},
  booktitle={2008 5th International Conference on Electrical Engineering/Electronics, Computer, Telecommunications and Information Technology},
  volume={2},
  pages={769--772},
  year={2008},
  organization={IEEE}
}

@misc{xarray,
  title={Impinj xArray RFID Reader System Tracks In Real-Time},
  institution={Atlas RFID Store},
  howpublished = "\url{https://www.youtube.com/watch?v=eLgm9gdn0hg}",
  note = "[Online; Acessado em: 08 de dezembro de 2019]"
}

@article{tesoriero2008using,
  title={Using active and passive RFID technology to support indoor location-aware systems},
  author={Tesoriero, Ricardo and Gallud, Jos{\'e} A and Lozano, Manuel and Penichet, Victor M Ruiz},
  journal={IEEE Transactions on Consumer Electronics},
  volume={54},
  number={2},
  pages={578--583},
  year={2008},
  publisher={IEEE}
}

@article{juels2006rfid,
  title={RFID security and privacy: A research survey},
  author={Juels, Ari and others},
  journal={IEEE journal on selected areas in communications},
  volume={24},
  number={2},
  pages={381--394},
  year={2006}
}


@book{yen1999fuzzy,
  title={Fuzzy logic: intelligence, control, and information},
  author={Yen, John and Langari, Reza},
  volume={1},
  year={1999},
  publisher={Prentice hall Upper Saddle River, NJ}
}

@article{welch1995introduction,
  title={An introduction to the Kalman filter},
  author={Welch, Greg and Bishop, Gary and others},
  year={1995},
  publisher={Los Angeles, CA}
}